<record><leader>00000cas a2200000 a 4500</leader><controlfield tag="001">22122576</controlfield><controlfield tag="008">900723d1857185unyuuu ne      0    0eng c</controlfield><datafield ind1=" " ind2=" " tag="010"><subfield code="a">sn 90068092 </subfield></datafield><datafield ind1=" " ind2=" " tag="040"><subfield code="a">ONP</subfield><subfield code="b">eng</subfield><subfield code="c">ONP</subfield><subfield code="d">NYS</subfield><subfield code="d">OCL</subfield><subfield code="d">NYS</subfield><subfield code="d">OCLCQ</subfield><subfield code="d">OCLCF</subfield><subfield code="d">OCLCO</subfield></datafield><datafield ind1=" " ind2=" " tag="042"><subfield code="a">pcc</subfield></datafield><datafield ind1=" " ind2=" " tag="043"><subfield code="a">n-us-ny</subfield></datafield><datafield ind1="0" ind2=" " tag="130"><subfield code="a">National American (Hornell, N.Y.)</subfield></datafield><datafield ind1="1" ind2="0" tag="245"><subfield code="a">National American.</subfield></datafield><datafield ind1=" " ind2=" " tag="260"><subfield code="a">Hornellsville, Steuben County, N.Y. :</subfield><subfield code="b">C.M. Harmon</subfield></datafield><datafield ind1=" " ind2=" " tag="300"><subfield code="a">v. ;</subfield><subfield code="c">65 cm.</subfield></datafield><datafield ind1=" " ind2=" " tag="588"><subfield code="a">Description based on: Vol. 1, no. 35 (Oct. 9, 1856).</subfield></datafield><datafield ind1=" " ind2="0" tag="651"><subfield code="a">Hornell (N.Y.)</subfield><subfield code="v">Newspapers.</subfield></datafield><datafield ind1=" " ind2="0" tag="651"><subfield code="a">Steuben County (N.Y.)</subfield><subfield code="v">Newspapers.</subfield></datafield><datafield ind1=" " ind2="7" tag="655"><subfield code="a">Newspapers.</subfield><subfield code="2">fast</subfield><subfield code="0">(OCoLC)fst01423814</subfield></datafield><datafield ind1=" " ind2="7" tag="651"><subfield code="a">New York (State)</subfield><subfield code="z">Hornell.</subfield><subfield code="2">fast</subfield><subfield code="0">(OCoLC)fst01218982</subfield></datafield><datafield ind1=" " ind2="7" tag="651"><subfield code="a">New York (State)</subfield><subfield code="z">Steuben County.</subfield><subfield code="2">fast</subfield><subfield code="0">(OCoLC)fst01216870</subfield></datafield><datafield ind1=" " ind2=" " tag="752"><subfield code="a">United States</subfield><subfield code="b">New York</subfield><subfield code="c">Steuben</subfield><subfield code="d">Hornell.</subfield></datafield><datafield ind1=" " ind2=" " tag="752"><subfield code="a">United States</subfield><subfield code="b">New York</subfield><subfield code="c">Steuben</subfield><subfield code="d">Hornellsville.</subfield></datafield><datafield ind1="0" ind2="0" tag="785"><subfield code="t">Canisteo valley journal</subfield></datafield></record>